<?xml version="1.0" encoding="UTF-8"?><collection xmlns="http://www.loc.gov/MARC21/slim"><record><leader>00458nam--2200133-i-4500</leader><controlfield tag="001">000043566</controlfield><controlfield tag="002">20161230</controlfield><controlfield tag="005">20161230201044</controlfield><controlfield tag="008">060222s1000------------r-----000-0-eng-d</controlfield><datafield ind1=" " ind2=" " tag="080"><subfield code="a">621.315.59(043)</subfield></datafield><datafield ind1=" " ind2=" " tag="100"><subfield code="a">Tallaj,Nizar</subfield></datafield><datafield ind1=" " ind2=" " tag="245"><subfield code="a">Etudes des interfaces semiconducteur electrolyt er semiconducteur-gaz par la conduction longitudinale et l`emissiion thermo-electrique dans les semiconducteurs. these</subfield></datafield><datafield ind1=" " ind2=" " tag="260"><subfield code="a">Grenoble, Univ.,1978. 99 P</subfield></datafield><datafield ind1=" " ind2=" " tag="852"><subfield code="a">48404</subfield></datafield></record></collection>